@inproceedings{aist,
  title={AIST Dance Video Database: Multi-Genre, Multi-Dancer, and Multi-Camera Database for Dance Information Processing.},
  author={Tsuchida, Shuhei and Fukayama, Satoru and Hamasaki, Masahiro and Goto, Masataka},
  booktitle={ISMIR},
  volume={1},
  number={5},
  pages={6},
  year={2019}
}

@inproceedings{brace,
  title={BRACE: The Breakdancing Competition Dataset for Dance Motion Synthesis},
  author={Moltisanti, Davide and Wu, Jinyi and Dai, Bo and Loy, Chen Change},
  booktitle={European Conference on Computer Vision},
  pages={329--344},
  year={2022},
  organization={Springer}
}

@article{bendits,
  title={Whoâ€™s Got the Groove? Classifying Dance Style from Video},
  author={Bendit-Shtull, Noa and Cheng, Tiffany and Wang, Julie}
}

@article{castro2018let,
  title={Let's dance: Learning from online dance videos},
  author={Castro, Daniel and Hickson, Steven and Sangkloy, Patsorn and Mittal, Bhavishya and Dai, Sean and Hays, James and Essa, Irfan},
  journal={arXiv preprint arXiv:1801.07388},
  year={2018}
}

@inproceedings{chan2019everybody,
  title={Everybody dance now},
  author={Chan, Caroline and Ginosar, Shiry and Zhou, Tinghui and Efros, Alexei A},
  booktitle={Proceedings of the IEEE/CVF international conference on computer vision},
  pages={5933--5942},
  year={2019}
}

@phdthesis{bauskar2022dance,
  title={Dance Video Classification into Relevant Street Dancing Styles using Deep Learning Techniques},
  author={Bauskar, Dhanshree},
  year={2022},
  school={Dublin, National College of Ireland}
}

@misc{svm, 
  title={Support Vector Machine (SVM) algorithm}, 
  url={https://www.geeksforgeeks.org/support-vector-machine-algorithm/}, 
  journal={GeeksforGeeks}, 
  publisher={GeeksforGeeks}, 
  author={aswathisasidharan}, 
  year={2023}, 
  month={6}} 

@article{sherstinsky2020fundamentals,
title={Fundamentals of recurrent neural network (RNN) and long short-term memory (LSTM) network},
author={Sherstinsky, Alex},
journal={Physica D: Nonlinear Phenomena},
volume={404},
pages={132306},
year={2020},
publisher={Elsevier}
}
@misc{Banoula_2023, title={Introduction to long short-term memory(lstm): Simplilearn}, 
url={https://www.simplilearn.com/tutorials/artificial-intelligence-tutorial/lstm}, 
journal={Simplilearn.com}, 
publisher={Simplilearn}, 
author={Banoula, Mayank}, 
year={2023}, 
month={4}} 

@misc{Saxena_2023, 
  title={What is LSTM? introduction to long short-term memory}, 
  url={https://www.analyticsvidhya.com/blog/2021/03/introduction-to-long-short-term-memory-lstm/#:~:text=LSTM%20(Long%20Short%2DTerm%20Memory,ideal%20for%20sequence%20prediction%20tasks.}, journal={Analytics Vidhya}, 
  author={Saxena, Shipra}, 
  year={2023}, 
  month={10}} 

@misc{Gupta_2023, 
title={RNN vs. CNN: Which Neural Network is right for your project?}, 
url={https://www.springboard.com/blog/data-science/rnn-vs-cnn/}, 
journal={Springboard Blog}, 
author={Gupta, Sakshi}, 
year={2023}, 
month={9}} 

@misc{Craig_2023, 
title={CNN vs. RNN: How are they different?: TechTarget}, 
url={https://www.techtarget.com/searchenterpriseai/feature/CNN-vs-RNN-How-they-differ-and-where-they-overlap}, 
journal={Enterprise AI}, 
publisher={TechTarget}, 
author={Craig, Lev}, 
year={2023}, 
month={8}} 

@misc{CrossEntropy, 
title={A Gentle Introduction to Cross-Entropy for Machine Learning},
url={https://machinelearningmastery.com/cross-entropy-for-machine-learning/#:~:text=)%3A%203.288%20bits-,Cross%2DEntropy%20as%20a%20Loss%20Function,be%20used%20for%20classification%20tasks.}, 
journal={Machine Learning Mastery}, 
publisher={TechTarget}, 
author={Brownlee, Jason}, 
year={2020}, 
month={10}} 